<?xml version = "1.0" encoding = "UTF-8"?><OAI-PMH xmlns="http://www.openarchives.org/OAI/2.0/" xmlns:xsi="http://www.w3.org/2001/XMLSchema-instance" xsi:schemaLocation="http://www.openarchives.org/OAI/2.0/ http://www.openarchives.org/OAI/2.0/OAI-PMH.xsd"><ListRecords><record><header><identifier>aleph-publish:021991112</identifier></header><metadata><record xmlns="http://www.ddb.de/professionell/mabxml/mabxml-1.xsd"><leader>------M2.01200024------h</leader><controlfield tag="LDR">------M2.01200024------h</controlfield><controlfield tag="FMT">MH</controlfield><datafield tag="001" ind1="-" ind2="1"><subfield code="a">HT019485225</subfield></datafield><datafield tag="002" ind1="a" ind2="1"><subfield code="a">20171024</subfield></datafield><datafield tag="003" ind1="-" ind2="1"><subfield code="a">20171025</subfield></datafield><datafield tag="026" ind1="-" ind2="1"><subfield code="a">HBZHT019485225</subfield></datafield><controlfield tag="030">a|zur||||||17</controlfield><datafield tag="036" ind1="a" ind2="1"><subfield code="a">DE</subfield></datafield><datafield tag="037" ind1="b" ind2="1"><subfield code="a">ger</subfield></datafield><controlfield tag="050">a|||||||||||||</controlfield><controlfield tag="051">my||||||</controlfield><datafield tag="060" ind1="-" ind2="1"><subfield code="b">txt</subfield><subfield code="a">Text</subfield></datafield><datafield tag="061" ind1="-" ind2="1"><subfield code="b">n</subfield><subfield code="a">ohne Hilfsmittel zu benutzen</subfield></datafield><datafield tag="062" ind1="-" ind2="1"><subfield code="b">nc</subfield><subfield code="a">Band</subfield></datafield><datafield tag="064" ind1="a" ind2="1"><subfield code="a">Hochschulschrift</subfield><subfield code="9">(DE-588)4113937-9</subfield></datafield><datafield tag="070" ind1="-" ind2="1"><subfield code="a">294</subfield></datafield><datafield tag="070" ind1="b" ind2="1"><subfield code="a">294</subfield></datafield><datafield tag="080" ind1="-" ind2="1"><subfield code="a">60</subfield></datafield><datafield tag="100" ind1="-" ind2="1"><subfield code="p">Nowack, Nikola</subfield><subfield code="9">(DE-588)1054147280</subfield></datafield><datafield tag="200" ind1="b" ind2="1"><subfield code="k">Ruhr-Universität Bochum</subfield><subfield code="4">dgg</subfield><subfield code="3">Grad-verleihende Institution</subfield><subfield code="9">(DE-588)7409-3</subfield></datafield><datafield tag="201" ind1="-" ind2="1"><subfield code="k">Rurskij Universitet Bochum</subfield></datafield><datafield tag="201" ind1="-" ind2="1"><subfield code="k">Lu&apos;er-Daxue Bochum</subfield></datafield><datafield tag="201" ind1="-" ind2="1"><subfield code="k">RUB</subfield></datafield><datafield tag="201" ind1="-" ind2="1"><subfield code="k">Universität Bochum</subfield></datafield><datafield tag="201" ind1="-" ind2="1"><subfield code="k">Ruhr University Bochum</subfield></datafield><datafield tag="201" ind1="-" ind2="1"><subfield code="k">University</subfield><subfield code="h">Bochum</subfield></datafield><datafield tag="201" ind1="-" ind2="1"><subfield code="k">RUB</subfield><subfield code="h">Ruhr-Universität (Bochum)</subfield></datafield><datafield tag="201" ind1="-" ind2="1"><subfield code="k">R. U. B.</subfield><subfield code="h">Ruhr-Universität (Bochum)</subfield></datafield><datafield tag="201" ind1="-" ind2="1"><subfield code="k">Rurskij universitet</subfield></datafield><datafield tag="201" ind1="-" ind2="1"><subfield code="k">RUB</subfield><subfield code="h">Ruhr-Universität Bochum</subfield></datafield><datafield tag="201" ind1="-" ind2="1"><subfield code="k">Rurskij universitet v Bochume</subfield></datafield><datafield tag="201" ind1="-" ind2="1"><subfield code="k">Ruhr University</subfield></datafield><datafield tag="201" ind1="-" ind2="1"><subfield code="k">Ruhr University of Bochum</subfield></datafield><datafield tag="201" ind1="-" ind2="1"><subfield code="k">Universität</subfield><subfield code="h">Bochum</subfield></datafield><datafield tag="201" ind1="-" ind2="1"><subfield code="k">Ruhr-Universität</subfield><subfield code="h">Bochum</subfield></datafield><datafield tag="331" ind1="-" ind2="1"><subfield code="a">Influence of prenatal exposure to endocrine-disrupting chemicals on sex-typical development and autistic traits</subfield></datafield><datafield tag="359" ind1="-" ind2="1"><subfield code="a">vorgelegt von Nikola Nowack</subfield></datafield><datafield tag="419" ind1="-" ind2="1"><subfield code="a">Bochum</subfield><subfield code="c">im Juni 2017</subfield></datafield><datafield tag="425" ind1="a" ind2="1"><subfield code="a">2017</subfield></datafield><datafield tag="433" ind1="-" ind2="1"><subfield code="a">vi, 182 Seiten</subfield></datafield><datafield tag="434" ind1="-" ind2="1"><subfield code="a">Diagramme</subfield></datafield><datafield tag="520" ind1="-" ind2="1"><subfield code="b">Dissertation</subfield><subfield code="c">Ruhr-Universität Bochum</subfield><subfield code="d">2017</subfield></datafield><datafield tag="655" ind1="e" ind2="1"><subfield code="u">http://hss-opus.ub.ruhr-uni-bochum.de/scans/NowackNikola/Inhaltsverzeichnis.pdf</subfield><subfield code="q">PDF</subfield><subfield code="A">2</subfield><subfield code="3">Inhaltsverzeichnis</subfield></datafield><datafield tag="655" ind1="e" ind2="1"><subfield code="u">http://hss-opus.ub.ruhr-uni-bochum.de/scans/NowackNikola/Zusammenfassung.pdf</subfield><subfield code="q">PDF</subfield><subfield code="A">2</subfield><subfield code="3">Zusammenfassung</subfield></datafield><datafield tag="673" ind1="c" ind2="1"><subfield code="a">Bochum</subfield><subfield code="9">(DE-588)4007328-2</subfield></datafield><controlfield tag="SYS">021991112</controlfield><datafield tag="LOW" ind1="-" ind2="1"><subfield code="a">B0001</subfield></datafield><datafield tag="088" ind1=" " ind2=" "><subfield code="a">294</subfield><subfield code="b">00000070</subfield><subfield code="c">UB27501</subfield><subfield code="e">ILL Ausleihe</subfield></datafield></record></metadata></record></ListRecords></OAI-PMH>